@book{数学建模算法与程序,
  title={数字电子技术基础（ 第五版）},
  author={康华光},
  year={2006},
  pages={70--100},
  publisher ={高等教育出版社}
}
@book{数学模型,
	
	author ={姜启源，谢金星，叶俊},
	year={2018},
	title={数学模型(第五版)},
	publisher ={高等教育出版社}
	
}
@article{刘喜富1994基因工程抗体研究进展,
  title={基因工程抗体研究进展},
  author={刘喜富 and 黄华梁},
  journal={中国生物工程杂志},
  volume={14},
  number={1},
  pages={54--58},
  year={1994}
}









